@ARTICLE{A_Study_of_Sentinel-1_TOPS_Mode_Co-registration,
  author={Wenhao Wu and Zhiwei Zhou and Tao Li and Sichun Long},
  journal={Acta Geodaetica et Cartographica Sinica}, 
  title={A Study of Sentinel-1 TOPS Mode Co-registration}, 
  year={2017},
  volume={46},
  number={9},
  pages={1156-1164},
  doi={10.11947/j.AGCS.2017.20160352}}

@ARTICLE{Interferometric_Processing_of_Sentinel-1_TOPS_Data,
  author={Yagüe-Martínez, Néstor and Prats-Iraola, Pau and Rodríguez González, Fernando and Brcic, Ramon and Shau, Robert and Geudtner, Dirk and Eineder, Michael and Bamler, Richard},
  journal={IEEE Transactions on Geoscience and Remote Sensing}, 
  title={Interferometric Processing of Sentinel-1 TOPS Data}, 
  year={2016},
  volume={54},
  number={4},
  pages={2220-2234},
  keywords={Azimuth;Doppler effect;Synthetic aperture radar;Synchronization;Europe;Space vehicles;Monitoring;Coregistration;Interferometric SAR (InSAR);Sentinel-1 (S-1);synthetic aperture radar (SAR);Terrain Observation by Progressive Scans (TOPS);Coregistration;Interferometric SAR (InSAR);Sentinel-1 (S-1);synthetic aperture radar (SAR);Terrain Observation by Progressive Scans (TOPS)},
  doi={10.1109/TGRS.2015.2497902}}

@ARTICLE{TOPS_Interferometry_With_TerraSAR-X,
  author={Prats-Iraola, Pau and Scheiber, Rolf and Marotti, Luca and Wollstadt, Steffen and Reigber, Andreas},
  journal={IEEE Transactions on Geoscience and Remote Sensing}, 
  title={TOPS Interferometry With TerraSAR-X}, 
  year={2012},
  volume={50},
  number={8},
  pages={3179-3188},
  keywords={Azimuth;Accuracy;Doppler effect;Electrostatic discharges;Orbits;Estimation;Thyristors;Coregistration;SAR interferometry;synthetic aperture radar (SAR);terrain observation by progressive scans (TOPS);TOPS interferometry},
  doi={10.1109/TGRS.2011.2178247}}

@INPROCEEDINGS{Interferometry_with_TOPS:_coregistration_and_azimuth_shifts,
  author={De Zan, Francesco and Prats-Iraola, Pau and Scheiber, Rolf and Rucci, Alessio},
  booktitle={EUSAR 2014; 10th European Conference on Synthetic Aperture Radar}, 
  title={Interferometry with TOPS: coregistration and azimuth shifts}, 
  year={2014},
  volume={},
  number={},
  pages={1-4},
  keywords={},
  doi={}}

@ARTICLE{A_Network-Based_Enhanced_Spectral_Diversity_Approach_for_TOPS_Time-Series_Analysis,
  author={Fattahi, Heresh and Agram, Piyush and Simons, Mark},
  journal={IEEE Transactions on Geoscience and Remote Sensing}, 
  title={A Network-Based Enhanced Spectral Diversity Approach for TOPS Time-Series Analysis}, 
  year={2017},
  volume={55},
  number={2},
  pages={777-786},
  keywords={Azimuth;Synthetic aperture radar;Doppler effect;Satellites;Geometry;Electrostatic discharges;Radar imaging;Coregistration;interferometric synthetic aperture radar (InSAR);spectral diversity;terrain observation by progressive scan (TOPS)},
  doi={10.1109/TGRS.2016.2614925}}

@ARTICLE{Effects_of_Phase_Error_on_the_Relative_Height_Accuracy_in_Interferometric_Synthetic_Aperture_Radar,
  author={Shiqi Ge and Liang Chen and Zegang Ding and Teng Long},
  journal={Transactions of Beijing institute of Technology}, 
  title={Effects of Phase Error on the Relative Height Accuracy in Interferometric Synthetic Aperture Radar}, 
  year={2012},
  volume={},
  number={2},
  pages={179-183},
  keywords={},
  doi={}}

@ARTICLE{Geometrical_SAR_image_registration,
  author={Sansosti, E. and Berardino, P. and Manunta, M. and Serafino, F. and Fornaro, G.},
  journal={IEEE Transactions on Geoscience and Remote Sensing}, 
  title={Geometrical SAR image registration}, 
  year={2006},
  volume={44},
  number={10},
  pages={2861-2870},
  keywords={Image registration;Synthetic aperture radar;Interferometry;Frequency;Digital elevation models;Radar tracking;Robustness;Surfaces;Availability;Performance analysis;Image registration;multichannel SAR;synthetic aperture radar (SAR) interferometry (InSAR)},
  doi={10.1109/TGRS.2006.875787}}

@ARTICLE{InSAR_uncertainty_due_to_orbital_errors,
  author={Fattahi, Heresh and Amelung, Falk},
  journal={Geophysical Journal International}, 
  title={InSAR uncertainty due to orbital errors}, 
  year={2014},
  volume={199},
  number={1},
  pages={549-560},
  keywords={Time-series analysis;Satellite geodesy;Radar interferometry},
  doi={10.1093/gji/ggu276}}

@ARTICLE{Urban_growth_and_land_subsidence:_Multi-decadal_investigation_using_human_settlement_data_and_satellite_InSAR_in_Morelia_Mexico,
  author={Francesca Cigna and Deodato Tapete},
  journal={Science of The Total Environment}, 
  title={Urban growth and land subsidence: Multi-decadal investigation using human settlement data and satellite InSAR in Morelia, Mexico}, 
  year={2022},
  volume={811},
  number={},
  pages={152211},
  issn={0048-9697},
  keywords={Urban expansion;Groundwater exploitation;Aquifer depletion;Land subsidence;InSAR;Surface faulting},
  doi={10.1016/j.scitotenv.2021.152211}}

@ARTICLE{Monitoring_Surface_Deformation_in_Xi’an_City_from_2019_to_2022_Based_on_Sentinel-1A_Data,
  author={Minxuan Feng and Qi Qi and Ying Dong and Lei Zeng and Xinshe Zhang and Wenhui Liu and Yong Li and Tao Wang and Ge Zhang},
  journal={Northwestern Geology}, 
  title={Monitoring Surface Deformation in Xi’an City from 2019 to 2022 Based on Sentinel-1A Data}, 
  year={2023},
  volume={56},
  number={3},
  pages={178-185},
  keywords={},
  doi={10.12401/j.nwg.2023100}}

@ARTICLE{An_enhanced_spectral_diversity_coregistration_method_for_dual-polarimetric_Sentinel-1A/B_TOPS_data,
  author={Nan Fang and Xingjun Luo and Peng Shen and Lei Xie and Guoming Liu and Feixiang Wei and Kun Jiang and Wenbin Xu},
  journal={Geodesy and Geodynamics}, 
  title={An enhanced spectral diversity coregistration method for dual-polarimetric Sentinel-1A/B TOPS data}, 
  year={2023},
  volume={14},
  number={5},
  pages={431-437},
  issn={1674-9847},
  keywords={Coregistration, Terrain observation by progressive scans (TOPS), Enhanced spectral diversity, Dual-polarization},
  doi={10.1016/j.geog.2023.02.003}}

@inproceedings{Sentinel-1_precise_orbit_calibration_and_validation,
  author = {Guarnieri, Andrea and Mancon, Simone and Tebaldini, Stefano},
  year = {2015},
  month = {05},
  pages = {},
  title = {Sentinel-1 precise orbit calibration and validation},
  doi = {10.5270/Fringe2015.pp330}}

@ARTICLE{The_Extended_Timing_Annotation_Dataset_for_Sentinel-1—Product_Description_and_First_Evaluation_Results,
  author={Gisinger, Christoph and Libert, Ludivine and Marinkovic, Petar and Krieger, Lukas and Larsen, Yngvar and Valentino, Antonio and Breit, Helko and Balss, Ulrich and Suchandt, Steffen and Nagler, Thomas and Eineder, Michael and Miranda, Nuno},
  journal={IEEE Transactions on Geoscience and Remote Sensing}, 
  title={The Extended Timing Annotation Dataset for Sentinel-1—Product Description and First Evaluation Results}, 
  year={2022},
  volume={60},
  number={},
  pages={1-22},
  keywords={Synthetic aperture radar;Azimuth;Ice;Global navigation satellite system;Geology;Orbits;Delays;Atmospheric phase screen;glaciology;imaging geodesy;InSAR;ionospheric phase screen;natural hazards;radar remote sensing;SAR geodesy;Sentinel-1;speckle tracking;synthetic aperture radar},
  doi={10.1109/TGRS.2022.3194216}}

@ARTICLE{Integrated_monitoring_of_subsidence_due_to_hydrocarbon_production:_consolidating_the_foundation,
  author={Ketelaar, G. and B\"ahr, H. and Liu, S. and Piening, H. and van der Veen, W. and Hanssen, R. and van Leijen, F. and van der Marel, H. and Samiei-Esfahany, S.},
  title={Integrated monitoring of subsidence due to hydrocarbon production: consolidating the foundation},
  journal={Proceedings of the International Association of Hydrological Sciences},
  volume={382},
  year={2020},
  pages={117-123},
  url={https://piahs.copernicus.org/articles/382/117/2020/},
  doi={10.5194/piahs-382-117-2020}}

@book{Radar_Interferometry_Data_Interpretation_and_Error_Analysis,
  title={Radar Interferometry Data Interpretation and Error Analysis},
  author={Ramon F. Hanssen},
  publisher={Radar Interferometry Data Interpretation and Error Analysis},
  year={2001},
  url={https://api.semanticscholar.org/CorpusID:129458619}}

@techreport{copernicus_review_2020.10-2020.12,
  author       = {CPOD Team Project Engineer},
  title        = {COPERNICUS POD REGULAR SERVICE REVIEW OCT - DEC 2020},
  institution  = {European Space Agency},
  year         = {2021},
  month        = {January},
  url          = {},
}

@techreport{copernicus_review_2021.01-2021.12,
  author       = {CPOD Team Project Engineer},
  title        = {COPERNICUS POD REGULAR SERVICE REVIEW JAN - DEC 2021 JAN - DEC 2021},
  institution  = {European Space Agency},
  year         = {2022},
  month        = {March},
  url          = {},
}

@techreport{copernicus_review_2022.01-2022.12,
  author       = {CPOD Team Project Engineer},
  title        = {COPERNICUS POD REGULAR SERVICE REVIEW JAN - DEC 2022},
  institution  = {European Space Agency},
  year         = {2023},
  month        = {February},
  url          = {},
}

@techreport{copernicus_review_2015.10-2019.09,
  author       = {CPOD Team Project Engineer},
  title        = {SENTINEL-1 POD PRODUCTS PERFORMANCE},
  institution  = {European Space Agency},
  year         = {2019},
  month        = {December},
  url          = {},
}

@techreport{copernicus_review_2019.10-2020.01,
  author       = {CPOD Team Project Engineer},
  title        = {COPERNICUS POD REGULAR SERVICE REVIEW OCT 2019 - JAN 2020},
  institution  = {European Space Agency},
  year         = {2020},
  month        = {March},
  url          = {},
}

@techreport{copernicus_review_2020.02-2020.05,
  author       = {CPOD Team Project Engineer},
  title        = {SENTINEL-1 POD PRODUCTS PERFORMANCE},
  institution  = {European Space Agency},
  year         = {2020},
  month        = {August},
  url          = {},
}

@techreport{copernicus_review_2020.06-2020.09,
  author       = {CPOD Team Project Engineer},
  title        = {COPERNICUS POD REGULAR SERVICE REVIEW JUN - SEP 2020},
  institution  = {European Space Agency},
  year         = {2020},
  month        = {October},
  url          = {},
}
